@INPROCEEDINGS{Chen1991,
author={Y. {Chen} and G. {Medioni}},
booktitle={Proceedings. 1991 IEEE International Conference on Robotics and Automation},
title={Object modeling by registration of multiple range images},
year={1991},
volume={},
number={},
pages={2724-2729 vol.3},
keywords={functional equations;minimisation;pattern recognition;pattern recognition;functional equations;minimisation;image registration;object modelling;range images;three-dimensional information;modeling procedure;complex objects;Biological system modeling;Intelligent robots;Object recognition;Design automation;Data acquisition;Manufacturing automation;Sensor phenomena and characterization;Intelligent systems;Registers;Contracts},
doi={10.1109/ROBOT.1991.132043},
ISSN={},
month={April},}

@Article{Pomerleau2013,

title="Comparing ICP variants on real-world data sets",
journal="Autonomous Robots",
year="2013",
month="Apr",
day="01",
volume="34",
number="3",
pages="133--148",
issn="1573-7527",
doi="10.1007/s10514-013-9327-2",
url="https://doi.org/10.1007/s10514-013-9327-2",}

@article{Pomerleau2015,
url = {http://dx.doi.org/10.1561/2300000035},
year = {2015},
volume = {4},
journal = {Foundations and Trends® in Robotics},
title = {A Review of Point Cloud Registration Algorithms for Mobile Robotics},
doi = {10.1561/2300000035},
issn = {1935-8253},
number = {1},
pages = {1-104},
author = {François Pomerleau, Colas, Francis
and Siegwart, Roland}
}